@article{Batzri1973,
  author       = {Batzri, Shmuel and Korn, ED},
  doi	       = {10.1016/0005-2736(73)90408-2},
  file	       =
                  {:home/sunthar/Dropbox/Research/vesicles/papers/spi/N73bba1015-ethanol-injection.pdf:pdf},
  journal      = {Biochim. Biophys. Acta},
  pages	       = {1015-1019},
  title	       = {{Single bilayer liposomes prepared without
                  sonication}},
  volume       = 298,
  year	       = 1973
}

@InCollection{Sackmann1995a,
  author       = {Sackmann, E},
  title	       = {Physical Basis of Self-Organization and Function of
                  Membranes: Physics of Vesicles},
  booktitle    = {Structure and Dynamics of Membranes: From Cells to
                  Vesicles},
  editor       = {R Lipowsky and E Sackmann},
  chapter      = 5,
  pages	       = {213-303},
  year	       = 1995,
  volume       = {1A},
  series       = {Handbook of Biological Physics},
  publisher    = {Elsevier}
}



@Book{Boal2012,
  author       = {David Boal},
  title	       = {Mechanics of the Cell},
  publisher    = {Cambridge},
  year	       = 2012,
  edition      = 2
}

@MastersThesis{jariwala00,
  author       = {Saurabh Jariwala},
  title	       = {Lattice Boltzmann Simulation of Lamellar Phase},
  school       = {Chemical Engineering, Indian Institute of Science},
  year	       = 2000,
  address      = {Bangalore, India}
}

@Misc{Smith99,
  author       = {Douglas E Smith},
  year	       = 1999,
  howpublished = {Private communication},
    note       = {Duc At has the communication regarding the details
                  passed on by Smith}
}

@Unpublished{SunHI03,
  author       = {P Sunthar},
  title	       = {Calculation of fixed point in the Zimm model:
                  revisited},
  note	       = {Unpublished notes},
  year	       = 2003
}

@PhdThesis{luding94,
  author       = {Luding, S},
  title	       = {Models and Simulations of Granular Materials},
  school       = {Albert-{L}udwigs-{U}nivetsit{\"a}t {F}reiburg},
  year	       = 1994,
  month	       = {October},
  url	       =
                  {http://www2.msm.ctw.utwente.nl/sluding/PAPERS/PhD_Luding.pdf}
}

@InProceedings{rich-mart92,
  author       = {W. Richman and Richard E. Martin},
  title	       = {Unconfined granular materials thermalised by
                  fluctuating horizontal surfaces},
  booktitle    = {Engineering Mechanics: Proceedings of the Ninth
                  Conference},
  organization = {Engineering Mechanics Division},
  chapter      = 3,
  pages	       = {900-903},
  year	       = 1992,
  editor       = {Loren D. Lutes and John M. Niedzwecki},
  publisher    = {American Society of Civil Engineers, New York},
  month	       = {May 24--27}
}


@Article{chung,
author="Chung, Y. C.
and Ooi, J. Y.",
title="Benchmark tests for verifying discrete element modelling codes at particle impact level",
journal="Granular Matter",
year="2011",
volume="13",
number="5",
pages="643--656",
issn="1434-7636",
doi="10.1007/s10035-011-0277-0",
url="http://dx.doi.org/10.1007/s10035-011-0277-0"
}

@article{kuwabara1987restitution,
  title={Restitution coefficient in a collision between two spheres},
  author={Kuwabara, Goro and Kono, Kimitoshi},
  journal={Japanese journal of applied physics},
  volume={26},
  number={8R},
  pages={1230},
  year={1987},
  publisher={IOP Publishing}
}
@article{canelas2016sph,
  title={SPH--DCDEM model for arbitrary geometries in free surface solid--fluid flows},
  author={Canelas, Ricardo B and Crespo, Alejandro JC and Dom{\'\i}nguez, Jose M and Ferreira, Rui ML and G{\'o}mez-Gesteira, Moncho},
  journal={Computer Physics Communications},
  volume={202},
  pages={131--140},
  year={2016},
  publisher={Elsevier}
}


@article{tsuji1992lagrangian,
  title={Lagrangian numerical simulation of plug flow of cohesionless particles in a horizontal pipe},
  author={Tsuji, Yutaka and Tanaka, Toshitsugu and Ishida, T},
  journal={Powder technology},
  volume={71},
  number={3},
  pages={239--250},
  year={1992},
  publisher={Elsevier}
}


@article{kruggel2008selection,
  title={Selection of an appropriate time integration scheme for the discrete element method (DEM)},
  author={Kruggel-Emden, H and Sturm, M and Wirtz, S and Scherer, V},
  journal={Computers \& Chemical Engineering},
  volume={32},
  number={10},
  pages={2263--2279},
  year={2008},
  publisher={Elsevier}
}


@inbook{poschel:compgrandyn2004book,
    author = {Thorsten Poschel, Thomas S.},
    booktitle = {Computational Granular Dynamics},
    citeulike-article-id = {5814962},
    citeulike-linkout-0 = {http://search.barnesandnoble.com/Computational-Granular-Dynamics/Thorsten-Poschel/e/9783540214854},
    editor = {Springer},
    keywords = {granular\_dynamics, simulation, simulations},
    posted-at = {2009-09-21 17:06:04},
    priority = {2},
    title = {{Computational Granular Dynamics}},
    year={2004},
    url = {http://search.barnesandnoble.com/Computational-Granular-Dynamics/Thorsten-Poschel/e/9783540214854}
}


@article{garg2010documentation,
  title={Documentation of open-source MFIX--DEM software for gas-solids flows},
  author={Garg, Rahul and Galvin, Janine and Li, Tingwen and Pannala, Sreekanth},
  journal={From URL https://mfix. netl. doe. gov/documentation/dem\_doc\_2012-1. pdf.(Accessed: 31 March 2014)},
  year={2010}
}
@article{CS79,
author = {P. A. Cundall and O. D. L. Strack},
title = {A discrete numerical model for granular assemblies},
journal = {GÃ©otechnique},
volume = {29},
number = {1},
pages = {47-65},
year = {1979},
doi = {10.1680/geot.1979.29.1.47},

URL = {
        http://dx.doi.org/10.1680/geot.1979.29.1.47

},
eprint = {
        http://dx.doi.org/10.1680/geot.1979.29.1.47

}
}

@inproceedings{damping,
  title={On the determination of the damping coefficient of non-linear spring-dashpot system to model Hertz contact for simulation by Discrete element method},
  author={Hu, Guoming and Hu, Zhenyu and Jian, Bin and Liu, Liping and Wan, Hui},
  booktitle={Information Engineering (ICIE), 2010 WASE International Conference on},
  volume={3},
  pages={295--298},
  year={2010},
  organization={IEEE}
}


@article{bharadwaj2012using,
  title={Using DEM to solve bulk material handling problems},
  author={Bharadwaj, Rahul and others},
  journal={Chemical Engineering Progress},
  volume={108},
  number={9},
  pages={54--58},
  year={2012},
  publisher={American Institute of Chemical Engineers (AIChE)}
}


@book{krauth2006statistical,
  title={Statistical mechanics: algorithms and computations},
  author={Krauth, Werner},
  volume={13},
  year={2006},
  publisher={OUP Oxford}
}


@article{rattanadit,
  title={Force chains and resonant behavior in bending of a granular layer on an elastic support},
  author={Rattanadit, Kitti and Bobaru, Florin and Promratana, Konlayut and Turner, Joseph A},
  journal={Mechanics of Materials},
  volume={41},
  number={6},
  pages={691--706},
  year={2009},
  publisher={Elsevier}
}


@phdthesis{vetsch2012numerical,
  title={Numerical simulation of sediment transport with meshfree methods},
  author={Vetsch, David},
  year={2012},
  school={Versuchsanst. f{\"u}r Wasserbau, Hydrologie und Glaziologie}
}


@book{andreotti2013granular,
  title={Granular media: between fluid and solid},
  author={Andreotti, Bruno and Forterre, Yo{\"e}l and Pouliquen, Olivier},
  year={2013},
  publisher={Cambridge University Press}
}


@incollection{popov,
  title={Rigorous Treatment of Contact Problems--Hertzian Contact},
  author={Popov, Valentin L},
  booktitle={Contact Mechanics and Friction},
  pages={55--70},
  year={2010},
  publisher={Springer}
}

@phdthesis{samiei2012assessment,
  title={Assessment of implicit and explicit algorithms in numerical simulation of granular matter},
  author={Samiei, Kasra},
  year={2012},
  school={University of Luxembourg,​ Luxembourg,​​ Luxembourg}
}


@article{visser2011advanced,
  title={Advanced Programming in Engineering lecture notes},
  author={Visser, PJ and Luding, S and Srivastava, S},
  journal={Small},
  volume={19},
  pages={2},
  year={2011}
}


@article{luding2008introduction,
  title={Introduction to discrete element methods: basic of contact force models and how to perform the micro-macro transition to continuum theory},
  author={Luding, Stefan},
  journal={European Journal of Environmental and Civil Engineering},
  volume={12},
  number={7-8},
  pages={785--826},
  year={2008},
  publisher={Taylor \& Francis}
}


@article{cfdem,
  title={DEM and CFD},
  author={CFDEM, CFDEM-Open Source CFD},
  journal={URL: http://www. cfdem. com},
  year={2014}
}


@article{dashpot,
  title={A revision of the linear-dashpot model applied in PFC},
  author={Teufelsbauer, Harald and H{\"u}bl, Johannes and Wu, Wei},
  journal={Contemporary Engineering Sciences},
  volume={2},
  number={4},
  pages={165--178},
  year={2009}
}


@article{yade,
  title={Yade dem formulation},
  author={{\v{S}}milauer, V{\'a}clav and Chareyre, Bruno},
  journal={Yade Documentation},
  volume={393},
  year={2010},
  publisher={http://yade-dem. org/doc/formulation. html}
}
